<?xml version="1.0" encoding="UTF-8"?><collection xmlns="http://www.loc.gov/MARC21/slim"><record><leader>00372nam--2200133-i-4500</leader><controlfield tag="001">000037645</controlfield><controlfield tag="002">20161230</controlfield><controlfield tag="005">20161230201041</controlfield><controlfield tag="008">060222s1000------------r-----000-0-eng-d</controlfield><datafield ind1=" " ind2=" " tag="080"><subfield code="a">061.62(520)(047.1)</subfield></datafield><datafield ind1=" " ind2=" " tag="245"><subfield code="a">Progress report (july 1983 to june 1984 inclusive)</subfield></datafield><datafield ind1=" " ind2=" " tag="260"><subfield code="a">Tokai-mura, Japan Atomic Energy Research Inst.,1984. 70p</subfield></datafield><datafield ind1=" " ind2=" " tag="700"><subfield code="a">Kikuchi,S</subfield></datafield><datafield ind1=" " ind2=" " tag="852"><subfield code="a">72227</subfield></datafield></record></collection>